@ARTICLE{belokurov2006,
   author = {{Belokurov}, V. and {Zucker}, D.~B. and {Evans}, N.~W. and {Gilmore}, G. and 
	{Vidrih}, S. and {Bramich}, D.~M. and {Newberg}, H.~J. and {Wyse}, R.~F.~G. and 
	{Irwin}, M.~J. and {Fellhauer}, M. and {Hewett}, P.~C. and {Walton}, N.~A. and 
	{Wilkinson}, M.~I. and {Cole}, N. and {Yanny}, B. and {Rockosi}, C.~M. and 
	{Beers}, T.~C. and {Bell}, E.~F. and {Brinkmann}, J. and {Ivezi{\'c}}, {\v Z}. and 
	{Lupton}, R.},
    title = "{The Field of Streams: Sagittarius and Its Siblings}",
  journal = {\apjl},
   eprint = {arXiv:astro-ph/0605025},
 keywords = {Galaxies: Individual: Name: Sagittarius dSph, Galaxies: Kinematics and Dynamics, Galaxies: Structure, Galaxy: Halo, Galaxies: Local Group},
     year = 2006,
    month = may,
   volume = 642,
    pages = {L137-L140},
      doi = {10.1086/504797},
   adsurl = {http://adsabs.harvard.edu/abs/2006ApJ...642L.137B},
  adsnote = {Provided by the SAO/NASA Astrophysics Data System}
}	

@ARTICLE{bellazzini2006,
   author = {{Bellazzini}, M. and {Newberg}, H.~J. and {Correnti}, M. and 
	{Ferraro}, F.~R. and {Monaco}, L.},
    title = "{Detection of a population gradient in the Sagittarius stream}",
  journal = {\aap},
   eprint = {arXiv:astro-ph/0608513},
 keywords = {galaxies: dwarf, galaxies: evolution, stars: horizontal-branch},
     year = 2006,
    month = oct,
   volume = 457,
    pages = {L21-L24},
      doi = {10.1051/0004-6361:20066002},
   adsurl = {http://adsabs.harvard.edu/abs/2006A%26A...457L..21B},
  adsnote = {Provided by the SAO/NASA Astrophysics Data System}
}

@ARTICLE{carlin2012,
   author = {{Carlin}, J.~L. and {Majewski}, S.~R. and {Casetti-Dinescu}, D.~I. and 
	{Law}, D.~R. and {Girard}, T.~M. and {Patterson}, R.~J.},
    title = "{Kinematics and Chemistry of Stars along the Sagittarius Trailing Tidal Tail and Constraints on the Milky Way Mass Distribution}",
  journal = {\apj},
archivePrefix = "arXiv",
   eprint = {1111.0014},
 primaryClass = "astro-ph.GA",
 keywords = {galaxies: individual: Sagittarius dwarf spheroidal, Galaxy: fundamental parameters, Galaxy: kinematics and dynamics, Galaxy: structure},
     year = 2012,
    month = jan,
   volume = 744,
      eid = {25},
    pages = {25},
      doi = {10.1088/0004-637X/744/1/25},
   adsurl = {http://adsabs.harvard.edu/abs/2012ApJ...744...25C},
  adsnote = {Provided by the SAO/NASA Astrophysics Data System}
}


@ARTICLE{chou2007,
   author = {{Chou}, M.-Y. and {Majewski}, S.~R. and {Cunha}, K. and {Smith}, V.~V. and 
	{Patterson}, R.~J. and {Mart{\'{\i}}nez-Delgado}, D. and {Law}, D.~R. and 
	{Crane}, J.~D. and {Mu{\~n}oz}, R.~R. and {Garcia L{\'o}pez}, R. and 
	{Geisler}, D. and {Skrutskie}, M.~F.},
    title = "{A 2MASS All-Sky View of the Sagittarius Dwarf Galaxy. V. Variation of the Metallicity Distribution Function along the Sagittarius Stream}",
  journal = {\apj},
   eprint = {arXiv:astro-ph/0605101},
 keywords = {Galaxies: Evolution, Galaxies: Interactions, Galaxy: Halo, Galaxies: Local Group},
     year = 2007,
    month = nov,
   volume = 670,
    pages = {346-362},
      doi = {10.1086/522483},
   adsurl = {http://adsabs.harvard.edu/abs/2007ApJ...670..346C},
  adsnote = {Provided by the SAO/NASA Astrophysics Data System}
}

@ARTICLE{chou2010,
   author = {{Chou}, M.-Y. and {Cunha}, K. and {Majewski}, S.~R. and {Smith}, V.~V. and 
	{Patterson}, R.~J. and {Mart{\'{\i}}nez-Delgado}, D. and {Geisler}, D.
	},
    title = "{A Two Micron All Sky Survey View of the Sagittarius Dwarf Galaxy. VI. s-Process and Titanium Abundance Variations Along the Sagittarius Stream}",
  journal = {\apj},
archivePrefix = "arXiv",
   eprint = {0911.4364},
 primaryClass = "astro-ph.GA",
 keywords = {galaxies: evolution, galaxies: individual: Sagittarius dSph, galaxies: interactions, Galaxy: abundances, Galaxy: halo, stars: abundances},
     year = 2010,
    month = jan,
   volume = 708,
    pages = {1290-1309},
      doi = {10.1088/0004-637X/708/2/1290},
   adsurl = {http://adsabs.harvard.edu/abs/2010ApJ...708.1290C},
  adsnote = {Provided by the SAO/NASA Astrophysics Data System}
}


@ARTICLE{drake2013,
   author = {{Drake}, A.~J. and {Catelan}, M. and {Djorgovski}, S.~G. and 
	{Torrealba}, G. and {Graham}, M.~J. and {Belokurov}, V. and 
	{Koposov}, S.~E. and {Mahabal}, A. and {Prieto}, J.~L. and {Donalek}, C. and 
	{Williams}, R. and {Larson}, S. and {Christensen}, E. and {Beshore}, E.
	},
    title = "{Probing the Outer Galactic Halo with RR Lyrae from the Catalina Surveys}",
  journal = {\apj},
archivePrefix = "arXiv",
   eprint = {1211.2866},
 primaryClass = "astro-ph.GA",
 keywords = {galaxies: stellar content, Galaxy: formation, Galaxy: stellar content, Galaxy: structure, stars: variables: RR Lyrae },
     year = 2013,
    month = jan,
   volume = 763,
      eid = {32},
    pages = {32},
      doi = {10.1088/0004-637X/763/1/32},
   adsurl = {http://adsabs.harvard.edu/abs/2013ApJ...763...32D},
  adsnote = {Provided by the SAO/NASA Astrophysics Data System}
}

@ARTICLE{fellhauer2006,
   author = {{Fellhauer}, M. and {Belokurov}, V. and {Evans}, N.~W. and {Wilkinson}, M.~I. and 
	{Zucker}, D.~B. and {Gilmore}, G. and {Irwin}, M.~J. and {Bramich}, D.~M. and 
	{Vidrih}, S. and {Wyse}, R.~F.~G. and {Beers}, T.~C. and {Brinkmann}, J.
	},
    title = "{The Origin of the Bifurcation in the Sagittarius Stream}",
  journal = {\apj},
   eprint = {arXiv:astro-ph/0605026},
 keywords = {Galaxies: Dwarf, galaxies: individual (Sgr dSph), Galaxy: Halo, Galaxy: Structure},
     year = 2006,
    month = nov,
   volume = 651,
    pages = {167-173},
      doi = {10.1086/507128},
   adsurl = {http://adsabs.harvard.edu/abs/2006ApJ...651..167F},
  adsnote = {Provided by the SAO/NASA Astrophysics Data System}
}

@ARTICLE{gaia2001,
   author = {{Perryman}, M.~A.~C. and {de Boer}, K.~S. and {Gilmore}, G. and 
	{H{\o}g}, E. and {Lattanzi}, M.~G. and {Lindegren}, L. and {Luri}, X. and 
	{Mignard}, F. and {Pace}, O. and {de Zeeuw}, P.~T.},
    title = "{GAIA: Composition, formation and evolution of the Galaxy}",
  journal = {\aap},
   eprint = {arXiv:astro-ph/0101235},
 keywords = {INSTRUMENTATION: MISCELLANEOUS, SPACE VEHICLES: INSTRUMENTS, ASTROMETRY, GALAXY: GENERAL, TECHNIQUES: PHOTOMETRIC, TECHNIQUES: RADIAL VELOCITIES},
     year = 2001,
    month = apr,
   volume = 369,
    pages = {339-363},
      doi = {10.1051/0004-6361:20010085},
   adsurl = {http://adsabs.harvard.edu/abs/2001A%26A...369..339P},
  adsnote = {Provided by the SAO/NASA Astrophysics Data System}
}

@ARTICLE{helmi2004,
   author = {{Helmi}, A.},
    title = "{Velocity Trends in the Debris of Sagittarius and the Shape of the Dark Matter Halo of Our Galaxy}",
  journal = {\apjl},
   eprint = {arXiv:astro-ph/0406396},
 keywords = {Cosmology: Dark Matter, Galaxy: Fundamental Parameters, Galaxy: Halo, Galaxy: Kinematics and Dynamics, Galaxy: Structure},
     year = 2004,
    month = aug,
   volume = 610,
    pages = {L97-L100},
      doi = {10.1086/423340},
   adsurl = {http://adsabs.harvard.edu/abs/2004ApJ...610L..97H},
  adsnote = {Provided by the SAO/NASA Astrophysics Data System}
}


@ARTICLE{ibata1994,
   author = {{Ibata}, R.~A. and {Gilmore}, G. and {Irwin}, M.~J.},
    title = "{A dwarf satellite galaxy in Sagittarius}",
  journal = {\nat},
     year = 1994,
    month = jul,
   volume = 370,
    pages = {194-196},
      doi = {10.1038/370194a0},
   adsurl = {http://adsabs.harvard.edu/abs/1994Natur.370..194I},
  adsnote = {Provided by the SAO/NASA Astrophysics Data System}
}

@ARTICLE{ibata1995,
   author = {{Ibata}, R.~A. and {Gilmore}, G. and {Irwin}, M.~J.},
    title = "{Sagittarius: the nearest dwarf galaxy}",
  journal = {\mnras},
   eprint = {arXiv:astro-ph/9506071},
 keywords = {STARS: CARBON, GALAXY: EVOLUTION, GLOBULAR CLUSTERS: GENERAL, GALAXIES: EVOLUTION, GALAXIES: INTERACTIONS, LOCAL GROUP},
     year = 1995,
    month = dec,
   volume = 277,
    pages = {781-800},
   adsurl = {http://adsabs.harvard.edu/abs/1995MNRAS.277..781I},
  adsnote = {Provided by the SAO/NASA Astrophysics Data System}
}

@ARTICLE{ivezic2008,
   author = {{Ivezi{\'c}}, {\v Z}. and {Sesar}, B. and {Juri{\'c}}, M. and 
	{Bond}, N. and {Dalcanton}, J. and {Rockosi}, C.~M. and {Yanny}, B. and 
	{Newberg}, H.~J. and {Beers}, T.~C. and {Allende Prieto}, C. and 
	{Wilhelm}, R. and {Lee}, Y.~S. and {Sivarani}, T. and {Norris}, J.~E. and 
	{Bailer-Jones}, C.~A.~L. and {Re Fiorentin}, P. and {Schlegel}, D. and 
	{Uomoto}, A. and {Lupton}, R.~H. and {Knapp}, G.~R. and {Gunn}, J.~E. and 
	{Covey}, K.~R. and {Smith}, J.~A. and {Miknaitis}, G. and {Doi}, M. and 
	{Tanaka}, M. and {Fukugita}, M. and {Kent}, S. and {Finkbeiner}, D. and 
	{Munn}, J.~A. and {Pier}, J.~R. and {Quinn}, T. and {Hawley}, S. and 
	{Anderson}, S. and {Kiuchi}, F. and {Chen}, A. and {Bushong}, J. and 
	{Sohi}, H. and {Haggard}, D. and {Kimball}, A. and {Barentine}, J. and 
	{Brewington}, H. and {Harvanek}, M. and {Kleinman}, S. and {Krzesinski}, J. and 
	{Long}, D. and {Nitta}, A. and {Snedden}, S. and {Lee}, B. and 
	{Harris}, H. and {Brinkmann}, J. and {Schneider}, D.~P. and 
	{York}, D.~G.},
    title = "{The Milky Way Tomography with SDSS. II. Stellar Metallicity}",
  journal = {\apj},
archivePrefix = "arXiv",
   eprint = {0804.3850},
 keywords = {Galaxy: Halo, Galaxy: Kinematics and Dynamics, Galaxy: Stellar Content, Galaxy: Structure, Methods: Data Analysis, Stars: Statistics},
     year = 2008,
    month = sep,
   volume = 684,
    pages = {287-325},
      doi = {10.1086/589678},
   adsurl = {http://adsabs.harvard.edu/abs/2008ApJ...684..287I},
  adsnote = {Provided by the SAO/NASA Astrophysics Data System}
}

@ARTICLE{johnston1995,
   author = {{Johnston}, K.~V. and {Spergel}, D.~N. and {Hernquist}, L.},
    title = "{The Disruption of the Sagittarius Dwarf Galaxy}",
  journal = {\apj},
   eprint = {arXiv:astro-ph/9502005},
 keywords = {GALAXIES: EVOLUTION, GALAXIES: INDIVIDUAL NAME: SAGITTARIUS, GALAXIES: INTERACTIONS, GALAXY: STRUCTURE},
     year = 1995,
    month = oct,
   volume = 451,
    pages = {598},
      doi = {10.1086/176247},
   adsurl = {http://adsabs.harvard.edu/abs/1995ApJ...451..598J},
  adsnote = {Provided by the SAO/NASA Astrophysics Data System}
}

@ARTICLE{johnston1999,
   author = {{Johnston}, K.~V. and {Majewski}, S.~R. and {Siegel}, M.~H. and 
	{Reid}, I.~N. and {Kunkel}, W.~E.},
    title = "{Constraining the History of the Sagittarius Dwarf Galaxy Using Observations of Its Tidal Debris}",
  journal = {\aj},
   eprint = {arXiv:astro-ph/9906457},
 keywords = {GALAXIES: DWARF, GALAXIES: EVOLUTION, GALAXIES: INDIVIDUAL: NAME: SAGITTARIUS, GALAXIES: INTERACTIONS, GALAXIES: KINEMATICS AND DYNAMICS, METHODS: ANALYTICAL},
     year = 1999,
    month = oct,
   volume = 118,
    pages = {1719-1726},
      doi = {10.1086/301037},
   adsurl = {http://adsabs.harvard.edu/abs/1999AJ....118.1719J},
  adsnote = {Provided by the SAO/NASA Astrophysics Data System}
}


@ARTICLE{keller2010,
   author = {{Keller}, S.~C. and {Yong}, D. and {Da Costa}, G.~S.},
    title = "{The Chemistry of the Trailing Arm of the Sagittarius Dwarf Galaxy}",
  journal = {\apj},
archivePrefix = "arXiv",
   eprint = {1006.4885},
 primaryClass = "astro-ph.GA",
 keywords = {galaxies: individual: Sagitarrius dSph, Galaxy: halo, Galaxy: structure, stars: abundances},
     year = 2010,
    month = sep,
   volume = 720,
    pages = {940-947},
      doi = {10.1088/0004-637X/720/1/940},
   adsurl = {http://adsabs.harvard.edu/abs/2010ApJ...720..940K},
  adsnote = {Provided by the SAO/NASA Astrophysics Data System}
}

@ARTICLE{law2005,
   author = {{Law}, D.~R. and {Johnston}, K.~V. and {Majewski}, S.~R.},
    title = "{A Two Micron All-Sky Survey View of the Sagittarius Dwarf Galaxy. IV. Modeling the Sagittarius Tidal Tails}",
  journal = {\apj},
   eprint = {arXiv:astro-ph/0407566},
 keywords = {Galaxies: Individual: Name: Sagittarius, Galaxies: Stellar Content, Galaxy: Halo, Galaxy: Kinematics and Dynamics, Galaxy: Structure, Galaxies: Local Group},
     year = 2005,
    month = feb,
   volume = 619,
    pages = {807-823},
      doi = {10.1086/426779},
   adsurl = {http://adsabs.harvard.edu/abs/2005ApJ...619..807L},
  adsnote = {Provided by the SAO/NASA Astrophysics Data System}
}

@ARTICLE{law2010,
   author = {{Law}, D.~R. and {Majewski}, S.~R.},
    title = "{The Sagittarius Dwarf Galaxy: A Model for Evolution in a Triaxial Milky Way Halo}",
  journal = {\apj},
archivePrefix = "arXiv",
   eprint = {1003.1132},
 primaryClass = "astro-ph.GA",
 keywords = {dark matter, galaxies: individual: Sagittarius, Galaxy: kinematics and dynamics, Galaxy: structure},
     year = 2010,
    month = may,
   volume = 714,
    pages = {229-254},
      doi = {10.1088/0004-637X/714/1/229},
   adsurl = {http://adsabs.harvard.edu/abs/2010ApJ...714..229L},
  adsnote = {Provided by the SAO/NASA Astrophysics Data System}
}

@ARTICLE{majewski2003,
   author = {{Majewski}, S.~R. and {Skrutskie}, M.~F. and {Weinberg}, M.~D. and 
	{Ostheimer}, J.~C.},
    title = "{A Two Micron All Sky Survey View of the Sagittarius Dwarf Galaxy. I. Morphology of the Sagittarius Core and Tidal Arms}",
  journal = {\apj},
   eprint = {arXiv:astro-ph/0304198},
 keywords = {Galaxies: Individual: Name: Sagittarius Dwarf, Galaxies: Stellar Content, Galaxy: Halo, Galaxy: Kinematics and Dynamics, Galaxy: Structure, Galaxies: Local Group},
     year = 2003,
    month = dec,
   volume = 599,
    pages = {1082-1115},
      doi = {10.1086/379504},
   adsurl = {http://adsabs.harvard.edu/abs/2003ApJ...599.1082M},
  adsnote = {Provided by the SAO/NASA Astrophysics Data System}
}

@ARTICLE{majewski2004,
   author = {{Majewski}, S.~R. and {Kunkel}, W.~E. and {Law}, D.~R. and {Patterson}, R.~J. and 
	{Polak}, A.~A. and {Rocha-Pinto}, H.~J. and {Crane}, J.~D. and 
	{Frinchaboy}, P.~M. and {Hummels}, C.~B. and {Johnston}, K.~V. and 
	{Rhee}, J. and {Skrutskie}, M.~F. and {Weinberg}, M.},
    title = "{A Two Micron All Sky Survey View of the Sagittarius Dwarf Galaxy. II. Swope Telescope Spectroscopy of M Giant Stars in the Dynamically Cold Sagittarius Tidal Stream}",
  journal = {\aj},
   eprint = {arXiv:astro-ph/0403701},
 keywords = {Galaxies: Individual: Name: Sagittarius, Galaxy: Evolution, Galaxy: Halo, Galaxy: Structure, Stars: Kinematics, Techniques: Spectroscopic},
     year = 2004,
    month = jul,
   volume = 128,
    pages = {245-259},
      doi = {10.1086/421372},
   adsurl = {http://adsabs.harvard.edu/abs/2004AJ....128..245M},
  adsnote = {Provided by the SAO/NASA Astrophysics Data System}
}


@ARTICLE{martinezdelgado2004,
   author = {{Mart{\'{\i}}nez-Delgado}, D. and {G{\'o}mez-Flechoso}, M.~{\'A}. and 
	{Aparicio}, A. and {Carrera}, R.},
    title = "{Tracing Out the Northern Tidal Stream of the Sagittarius Dwarf Spheroidal Galaxy}",
  journal = {\apj},
   eprint = {arXiv:astro-ph/0308009},
 keywords = {Galaxies: Individual: Name: Sagittarius, Galaxies: Interactions, Galaxy: Evolution, Galaxy: Formation, Galaxy: Halo, Galaxy: Structure},
     year = 2004,
    month = jan,
   volume = 601,
    pages = {242-259},
      doi = {10.1086/380298},
   adsurl = {http://adsabs.harvard.edu/abs/2004ApJ...601..242M},
  adsnote = {Provided by the SAO/NASA Astrophysics Data System}
}

@ARTICLE{mcconnachie2012,
   author = {{McConnachie}, A.~W.},
    title = "{The Observed Properties of Dwarf Galaxies in and around the Local Group}",
  journal = {\aj},
archivePrefix = "arXiv",
   eprint = {1204.1562},
 primaryClass = "astro-ph.CO",
 keywords = {catalogs, galaxies: dwarf, galaxies: fundamental parameters, galaxies: general, galaxies: structure, Local Group},
     year = 2012,
    month = jul,
   volume = 144,
      eid = {4},
    pages = {4},
      doi = {10.1088/0004-6256/144/1/4},
   adsurl = {http://adsabs.harvard.edu/abs/2012AJ....144....4M},
  adsnote = {Provided by the SAO/NASA Astrophysics Data System}
}

@ARTICLE{totten1998,
   author = {{Totten}, E.~J. and {Irwin}, M.~J.},
    title = "{The APM survey for cool carbon stars in the Galactic halo. I}",
  journal = {\mnras},
 keywords = {CARBON STARS, COOL STARS, GALACTIC HALOS, SKY SURVEYS (ASTRONOMY), MILKY WAY GALAXY, STELLAR SPECTROPHOTOMETRY, STAR FORMATION},
     year = 1998,
    month = feb,
   volume = 294,
    pages = {1},
      doi = {10.1046/j.1365-8711.1998.01086.x},
   adsurl = {http://adsabs.harvard.edu/abs/1998MNRAS.294....1T},
  adsnote = {Provided by the SAO/NASA Astrophysics Data System}
}

@ARTICLE{velazquez1995,
   author = {{Velazquez}, H. and {White}, S.~D.~M.},
    title = "{On the dynamics of the Sagittarius dwarf galaxy}",
  journal = {\mnras},
   eprint = {arXiv:astro-ph/9503022},
 keywords = {METHODS: NUMERICAL, GALAXIES: INDIVIDUAL: SAGITTARIUS DSPH, GALAXIES: KINEMATICS AND DYNAMICS},
     year = 1995,
    month = aug,
   volume = 275,
    pages = {L23-L26},
   adsurl = {http://adsabs.harvard.edu/abs/1995MNRAS.275L..23V},
  adsnote = {Provided by the SAO/NASA Astrophysics Data System}
}

@ARTICLE{vivas2005,
   author = {{Vivas}, A.~K. and {Zinn}, R. and {Gallart}, C.},
    title = "{VLT Spectroscopy of RR Lyrae Stars in the Sagittarius Tidal Stream}",
  journal = {\aj},
 keywords = {Galaxies: Individual: Name: Sagittarius, Stars: Abundances, Stars: Kinematics, Stars: Variables: Other},
     year = 2005,
    month = jan,
   volume = 129,
    pages = {189-200},
      doi = {10.1086/426561},
   adsurl = {http://adsabs.harvard.edu/abs/2005AJ....129..189V},
  adsnote = {Provided by the SAO/NASA Astrophysics Data System}
}
